% This file was created with JabRef 2.3.1.
% Encoding: UTF8
@misc{microsoftAgentPatterns,
  title = {AI agent design patterns},
  author = {{Microsoft Azure Architecture Center}},
  year = {2024},
  howpublished = {\url{https://learn.microsoft.com/en-us/azure/architecture/ai-ml/guide/ai-agent-design-patterns}},
  note = {Accessed: 2025-09-07}
}

@article{van1995python,
  title={Python reference manual},
  author={Van Rossum, Guido and Drake Jr, Fred L},
  journal={Amsterdam: CWI (Centre for Mathematics and Computer Science)},
  year={1995}
}

@article{pedregosa2011scikit,
  title={Scikit-learn: Machine learning in Python},
  author={Pedregosa, Fabian and Varoquaux, Ga{\"e}l and Gramfort, Alexandre and Michel, Vincent and Thirion, Bertrand and Grisel, Olivier and Blondel, Mathieu and Prettenhofer, Peter and Weiss, Ron and Dubourg, Vincent and others},
  journal={Journal of machine learning research},
  volume={12},
  number={Oct},
  pages={2825--2830},
  year={2011},
  publisher={JMLR. org}
}

@book{beazley2009python,
  title={Python essential reference},
  author={Beazley, David M},
  year={2009},
  publisher={Addison-Wesley Professional}
}

@inproceedings{bierman2014understanding,
  title={Understanding typescript},
  author={Bierman, Gavin and Abadi, Martin and Torgersen, Mads},
  booktitle={Proceedings of the 2014 ACM International Conference on Object Oriented Programming Systems Languages \& Applications},
  pages={257--268},
  year={2014}
}

@inproceedings{castor2016visual,
  title={Visual Studio Code: A new way of developing web applications},
  author={Castor, Fernando and Figueiredo, Eduardo and Cacho, N{\'e}lio and Sena, Breno and Teixeira, Leonardo and Pinto, Gustavo and Fonseca, Breno},
  booktitle={Proceedings of the 2016 ACM International Conference on Object Oriented Programming Systems Languages \& Applications},
  pages={1--2},
  year={2016}
}

@misc{crockford2006application,
  title={The application/json media type for JavaScript object notation (JSON)},
  author={Crockford, Douglas},
  year={2006},
  publisher={RFC 4627, July}
}

@book{martin2003agile,
  title={Agile software development: principles, patterns, and practices},
  author={Martin, Robert C},
  year={2003},
  publisher={Prentice Hall PTR}
}

@book{beck2001agile,
  title={Manifesto for agile software development},
  author={Beck, Kent and Beedle, Mike and Van Bennekum, Arie and Cockburn, Alistair and Cunningham, Ward and Fowler, Martin and Grenning, James and Highsmith, Jim and Hunt, Andrew and Marick, Brian and others},
  year={2001},
  publisher={Agile Alliance}
}

@book{schwaber2004agile,
  title={Agile project management with Scrum},
  author={Schwaber, Ken},
  year={2004},
  publisher={Microsoft Press}
}

@book{anderson2010kanban,
  title={Kanban: Successful evolutionary change for your technology business},
  author={Anderson, David J},
  year={2010},
  publisher={Blue Hole Press}
}

@book{kniberg2011kanban,
  title={Kanban and Scrum-making the most of both},
  author={Kniberg, Henrik and Skarin, Mattias},
  year={2011},
  publisher={Lulu. com}
}

@inproceedings{krasner1988description,
  title={A description of the model-view-controller user interface paradigm in the smalltalk-80 system},
  author={Krasner, Glenn E and Pope, Stephen T},
  booktitle={Journal of object oriented programming},
  volume={1},
  number={3},
  pages={26--49},
  year={1988},
  publisher={SIGS Publications}
}

@book{nielsen1994usability,
  title={Usability engineering},
  author={Nielsen, Jakob},
  year={1994},
  publisher={Elsevier}
}

@article{fielding2000architectural,
  title={Architectural styles and the design of network-based software architectures},
  author={Fielding, Roy Thomas},
  year={2000},
  publisher={University of California, Irvine}
}

@article{avizienis2004basic,
  title={Basic concepts and taxonomy of dependable and secure computing},
  author={Avizienis, Algirdas and Laprie, Jean-Claude and Randell, Brian and Landwehr, Carl},
  journal={IEEE transactions on dependable and secure computing},
  volume={1},
  number={1},
  pages={11--33},
  year={2004},
  publisher={IEEE}
}

@misc{rpc1984,
  title={RPC: Remote Procedure Call Protocol Specification},
  author={Sun Microsystems},
  year={1984},
  publisher={RFC 1057}
}

@misc{colab2017,
  title={Google Colab},
  author={Google Research},
  year={2017},
  howpublished={\url{https://colab.research.google.com/}},
  note={Accessed: 2024-12-19}
}

@article{jupyter2014,
  title={Jupyter Notebooksâ€”a publishing format for reproducible computational workflows},
  author={Kluyver, Thomas and Ragan-Kelley, Benjamin and P{\'e}rez, Fernando and Granger, Brian and Bussonnier, Matthias and Frederic, Jonathan and Kelley, Kyle and Hamrick, Jessica and Grout, Jason and Corlay, Sylvain and others},
  journal={Positioning and Power in Academic Publishing: Players, Agents and Agendas},
  pages={87--90},
  year={2014},
  publisher={IOS Press}
}

@article{git2005,
  title={Git: A fast, scalable, distributed version control system},
  author={Torvalds, Linus and Hamano, Junio},
  journal={Proceedings of the Linux Symposium},
  volume={1},
  pages={3--10},
  year={2005}
}

@article{jira2002,
  title={JIRA: A flexible issue tracking system},
  author={Atlassian},
  journal={Atlassian Documentation},
  year={2002},
  publisher={Atlassian}
}

@article{ci_cd2010,
  title={Continuous integration and continuous deployment: A systematic review},
  author={Shahin, Mojtaba and Ali Babar, Muhammad and Zhu, Liming},
  journal={ACM Computing Surveys},
  volume={49},
  number={1},
  pages={1--45},
  year={2016},
  publisher={ACM}
}

@misc{google2024ai_code,
  title={Google's AI Code Generation Statistics},
  author={{Google}},
  year={2024},
  howpublished={Google I/O 2024 Keynote},
  note={Accessed: 2024-12-19}
}

@misc{google2024developer_survey,
  title={Google Developer Survey: AI in Software Development},
  author={{Google}},
  year={2024},
  howpublished={Google Developer Blog},
  note={Accessed: 2024-12-19}
}
